<collection xmlns="http://www.loc.gov/MARC21/slim"><record><leader>01066nam  2200277   450</leader><controlfield tag="001">645</controlfield><controlfield tag="003">http://montalegre.opacnet.com/OPAC/default.aspx?ContentAreaControl=ShowRegHoldings.ascx&amp;RegNo=16662</controlfield><controlfield tag="005">20</controlfield><datafield tag="021" ind1=" " ind2=" "><subfield code="a">PT</subfield><subfield code="b">27866/89</subfield></datafield><datafield tag="100" ind1=" " ind2=" "><subfield code="a">20061013d1989----c  y0pory010305  ba</subfield></datafield><datafield tag="101" ind1="0" ind2=" "><subfield code="a">por</subfield></datafield><datafield tag="102" ind1=" " ind2=" "><subfield code="a">PT</subfield></datafield><datafield tag="200" ind1="1" ind2=" "><subfield code="a">&lt;O &gt;anão do pão</subfield><subfield code="a">&lt;O &gt;fantasma da sopa</subfield><subfield code="f">José Jorge Letria</subfield><subfield code="g">ilust.: R. Carlos Rebelo da Silva</subfield></datafield><datafield tag="210" ind1=" " ind2=" "><subfield code="a">Aveiro</subfield><subfield code="c">Estante</subfield><subfield code="d">1989</subfield></datafield><datafield tag="215" ind1=" " ind2=" "><subfield code="a">60, [3] p.</subfield><subfield code="c">il.</subfield><subfield code="d">21 cm</subfield></datafield><datafield tag="225" ind1="2" ind2=" "><subfield code="a">Estante infantil</subfield><subfield code="v">4</subfield></datafield><datafield tag="517" ind1="1" ind2=" "><subfield code="a">&lt;O &gt;fantasma da sopa</subfield></datafield><datafield tag="606" ind1=" " ind2=" "><subfield code="a">Literatura portuguesa</subfield><subfield code="2">Autoridade</subfield><subfield code="3">PT-----------2012041710390005598</subfield></datafield><datafield tag="608" ind1=" " ind2=" "><subfield code="a">Conto</subfield><subfield code="2">Autoridade</subfield><subfield code="3">PT9999-00-10-2009040123590005380</subfield></datafield><datafield tag="608" ind1=" " ind2=" "><subfield code="a">Literatura infantil e juvenil</subfield><subfield code="2">Autoridade</subfield><subfield code="3">PT9999-00-10-2009040123590005446</subfield></datafield><datafield tag="675" ind1=" " ind2=" "><subfield code="a">821.134.3-34</subfield></datafield><datafield tag="700" ind1=" " ind2="1"><subfield code="a">Letria</subfield><subfield code="b">José Jorge</subfield><subfield code="f">1951-</subfield></datafield><datafield tag="702" ind1=" " ind2="1"><subfield code="a">Silva</subfield><subfield code="b">R. Carlos Rebelo da</subfield><subfield code="4">440</subfield></datafield><datafield tag="801" ind1=" " ind2="0"><subfield code="a">PT</subfield><subfield code="b">Biblioteca Municipal de Montalegre</subfield><subfield code="g">RPC</subfield></datafield><datafield tag="856" ind1=" " ind2=" "><subfield code="u">locateMedia.asp?cod=20060523094035&amp;ext=jpg</subfield><subfield code="z">CAPA</subfield></datafield><datafield tag="909" ind1="&#9;" ind2=" "><subfield code="a">2</subfield></datafield><datafield tag="966" ind1=" " ind2=" "><subfield code="a">0001873</subfield><subfield code="l">BMM</subfield><subfield code="s">SI 82-34 LET anã 4</subfield></datafield><datafield tag="966" ind1=" " ind2=" "><subfield code="a">0001875</subfield><subfield code="l">BMM</subfield><subfield code="s">SI 821.134.3-34 LET anã</subfield></datafield></record></collection>